%YAML 1.1
%TAG !u! tag:unity3d.com,2011:
--- !u!1 &4571333077817586514
GameObject:
  m_ObjectHideFlags: 0
  m_CorrespondingSourceObject: {fileID: 0}
  m_PrefabInstance: {fileID: 0}
  m_PrefabAsset: {fileID: 0}
  serializedVersion: 6
  m_Component:
  - component: {fileID: 6250946367215521458}
  - component: {fileID: 2681110085924951420}
  - component: {fileID: 3153993688292222104}
  m_Layer: 3
  m_Name: table1
  m_TagString: Untagged
  m_Icon: {fileID: 0}
  m_NavMeshLayer: 0
  m_StaticEditorFlags: 0
  m_IsActive: 1
--- !u!4 &6250946367215521458
Transform:
  m_ObjectHideFlags: 0
  m_CorrespondingSourceObject: {fileID: 0}
  m_PrefabInstance: {fileID: 0}
  m_PrefabAsset: {fileID: 0}
  m_GameObject: {fileID: 4571333077817586514}
  m_LocalRotation: {x: 0, y: 0, z: 0, w: 1}
  m_LocalPosition: {x: 0, y: 0, z: 0}
  m_LocalScale: {x: 0.75, y: 0.75, z: 0.75}
  m_Children:
  - {fileID: 4175111486931496299}
  - {fileID: 4487926825891092916}
  m_Father: {fileID: 0}
  m_RootOrder: 0
  m_LocalEulerAnglesHint: {x: 0, y: 0, z: 0}
--- !u!65 &2681110085924951420
BoxCollider:
  m_ObjectHideFlags: 0
  m_CorrespondingSourceObject: {fileID: 0}
  m_PrefabInstance: {fileID: 0}
  m_PrefabAsset: {fileID: 0}
  m_GameObject: {fileID: 4571333077817586514}
  m_Material: {fileID: 0}
  m_IsTrigger: 0
  m_Enabled: 1
  serializedVersion: 2
  m_Size: {x: 2.5, y: 0.8, z: 1.18}
  m_Center: {x: 0, y: 0.4, z: 0}
--- !u!114 &3153993688292222104
MonoBehaviour:
  m_ObjectHideFlags: 0
  m_CorrespondingSourceObject: {fileID: 0}
  m_PrefabInstance: {fileID: 0}
  m_PrefabAsset: {fileID: 0}
  m_GameObject: {fileID: 4571333077817586514}
  m_Enabled: 1
  m_EditorHideFlags: 0
  m_Script: {fileID: 11500000, guid: b1b1bf9f7d9a4ea4e926142300173c29, type: 3}
  m_Name: 
  m_EditorClassIdentifier: 
  isActiveGameObject: {fileID: 5844472047110035524}
--- !u!1001 &4428940177903406713
PrefabInstance:
  m_ObjectHideFlags: 0
  serializedVersion: 2
  m_Modification:
    m_TransformParent: {fileID: 6250946367215521458}
    m_Modifications:
    - target: {fileID: 233782611217749965, guid: 3176b8aa7a9f25244aa6ea22cb6305dc,
        type: 3}
      propertyPath: m_RootOrder
      value: 1
      objectReference: {fileID: 0}
    - target: {fileID: 233782611217749965, guid: 3176b8aa7a9f25244aa6ea22cb6305dc,
        type: 3}
      propertyPath: m_LocalScale.x
      value: 0.5
      objectReference: {fileID: 0}
    - target: {fileID: 233782611217749965, guid: 3176b8aa7a9f25244aa6ea22cb6305dc,
        type: 3}
      propertyPath: m_LocalScale.y
      value: 0.5
      objectReference: {fileID: 0}
    - target: {fileID: 233782611217749965, guid: 3176b8aa7a9f25244aa6ea22cb6305dc,
        type: 3}
      propertyPath: m_LocalScale.z
      value: 0.5
      objectReference: {fileID: 0}
    - target: {fileID: 233782611217749965, guid: 3176b8aa7a9f25244aa6ea22cb6305dc,
        type: 3}
      propertyPath: m_LocalPosition.x
      value: 0
      objectReference: {fileID: 0}
    - target: {fileID: 233782611217749965, guid: 3176b8aa7a9f25244aa6ea22cb6305dc,
        type: 3}
      propertyPath: m_LocalPosition.y
      value: 0
      objectReference: {fileID: 0}
    - target: {fileID: 233782611217749965, guid: 3176b8aa7a9f25244aa6ea22cb6305dc,
        type: 3}
      propertyPath: m_LocalPosition.z
      value: 0
      objectReference: {fileID: 0}
    - target: {fileID: 233782611217749965, guid: 3176b8aa7a9f25244aa6ea22cb6305dc,
        type: 3}
      propertyPath: m_LocalRotation.w
      value: 0.7071068
      objectReference: {fileID: 0}
    - target: {fileID: 233782611217749965, guid: 3176b8aa7a9f25244aa6ea22cb6305dc,
        type: 3}
      propertyPath: m_LocalRotation.x
      value: 0.7071068
      objectReference: {fileID: 0}
    - target: {fileID: 233782611217749965, guid: 3176b8aa7a9f25244aa6ea22cb6305dc,
        type: 3}
      propertyPath: m_LocalRotation.y
      value: 0
      objectReference: {fileID: 0}
    - target: {fileID: 233782611217749965, guid: 3176b8aa7a9f25244aa6ea22cb6305dc,
        type: 3}
      propertyPath: m_LocalRotation.z
      value: 0
      objectReference: {fileID: 0}
    - target: {fileID: 233782611217749965, guid: 3176b8aa7a9f25244aa6ea22cb6305dc,
        type: 3}
      propertyPath: m_LocalEulerAnglesHint.x
      value: 90
      objectReference: {fileID: 0}
    - target: {fileID: 233782611217749965, guid: 3176b8aa7a9f25244aa6ea22cb6305dc,
        type: 3}
      propertyPath: m_LocalEulerAnglesHint.y
      value: 0
      objectReference: {fileID: 0}
    - target: {fileID: 233782611217749965, guid: 3176b8aa7a9f25244aa6ea22cb6305dc,
        type: 3}
      propertyPath: m_LocalEulerAnglesHint.z
      value: 0
      objectReference: {fileID: 0}
    - target: {fileID: 7813039453480605245, guid: 3176b8aa7a9f25244aa6ea22cb6305dc,
        type: 3}
      propertyPath: m_Name
      value: IsActiveIndicator
      objectReference: {fileID: 0}
    - target: {fileID: 7813039453480605245, guid: 3176b8aa7a9f25244aa6ea22cb6305dc,
        type: 3}
      propertyPath: m_Layer
      value: 3
      objectReference: {fileID: 0}
    - target: {fileID: 7813039453480605245, guid: 3176b8aa7a9f25244aa6ea22cb6305dc,
        type: 3}
      propertyPath: m_IsActive
      value: 0
      objectReference: {fileID: 0}
    m_RemovedComponents: []
  m_SourcePrefab: {fileID: 100100000, guid: 3176b8aa7a9f25244aa6ea22cb6305dc, type: 3}
--- !u!1 &5844472047110035524 stripped
GameObject:
  m_CorrespondingSourceObject: {fileID: 7813039453480605245, guid: 3176b8aa7a9f25244aa6ea22cb6305dc,
    type: 3}
  m_PrefabInstance: {fileID: 4428940177903406713}
  m_PrefabAsset: {fileID: 0}
--- !u!4 &4487926825891092916 stripped
Transform:
  m_CorrespondingSourceObject: {fileID: 233782611217749965, guid: 3176b8aa7a9f25244aa6ea22cb6305dc,
    type: 3}
  m_PrefabInstance: {fileID: 4428940177903406713}
  m_PrefabAsset: {fileID: 0}
--- !u!1001 &4501981952274401920
PrefabInstance:
  m_ObjectHideFlags: 0
  serializedVersion: 2
  m_Modification:
    m_TransformParent: {fileID: 6250946367215521458}
    m_Modifications:
    - target: {fileID: -8679921383154817045, guid: 4578a3193ec134a45acb98a55f6586e2,
        type: 3}
      propertyPath: m_RootOrder
      value: 0
      objectReference: {fileID: 0}
    - target: {fileID: -8679921383154817045, guid: 4578a3193ec134a45acb98a55f6586e2,
        type: 3}
      propertyPath: m_LocalPosition.x
      value: 0
      objectReference: {fileID: 0}
    - target: {fileID: -8679921383154817045, guid: 4578a3193ec134a45acb98a55f6586e2,
        type: 3}
      propertyPath: m_LocalPosition.y
      value: 0
      objectReference: {fileID: 0}
    - target: {fileID: -8679921383154817045, guid: 4578a3193ec134a45acb98a55f6586e2,
        type: 3}
      propertyPath: m_LocalPosition.z
      value: 0
      objectReference: {fileID: 0}
    - target: {fileID: -8679921383154817045, guid: 4578a3193ec134a45acb98a55f6586e2,
        type: 3}
      propertyPath: m_LocalRotation.w
      value: 0.7071068
      objectReference: {fileID: 0}
    - target: {fileID: -8679921383154817045, guid: 4578a3193ec134a45acb98a55f6586e2,
        type: 3}
      propertyPath: m_LocalRotation.x
      value: -0.7071068
      objectReference: {fileID: 0}
    - target: {fileID: -8679921383154817045, guid: 4578a3193ec134a45acb98a55f6586e2,
        type: 3}
      propertyPath: m_LocalRotation.y
      value: -0
      objectReference: {fileID: 0}
    - target: {fileID: -8679921383154817045, guid: 4578a3193ec134a45acb98a55f6586e2,
        type: 3}
      propertyPath: m_LocalRotation.z
      value: -0
      objectReference: {fileID: 0}
    - target: {fileID: -8679921383154817045, guid: 4578a3193ec134a45acb98a55f6586e2,
        type: 3}
      propertyPath: m_LocalEulerAnglesHint.x
      value: 0
      objectReference: {fileID: 0}
    - target: {fileID: -8679921383154817045, guid: 4578a3193ec134a45acb98a55f6586e2,
        type: 3}
      propertyPath: m_LocalEulerAnglesHint.y
      value: 0
      objectReference: {fileID: 0}
    - target: {fileID: -8679921383154817045, guid: 4578a3193ec134a45acb98a55f6586e2,
        type: 3}
      propertyPath: m_LocalEulerAnglesHint.z
      value: 0
      objectReference: {fileID: 0}
    - target: {fileID: -7511558181221131132, guid: 4578a3193ec134a45acb98a55f6586e2,
        type: 3}
      propertyPath: m_Materials.Array.data[0]
      value: 
      objectReference: {fileID: 2100000, guid: 25432707529411d44907db919b17d667, type: 2}
    - target: {fileID: 919132149155446097, guid: 4578a3193ec134a45acb98a55f6586e2,
        type: 3}
      propertyPath: m_Name
      value: willisau_vulcano_fbx_upZ
      objectReference: {fileID: 0}
    - target: {fileID: 919132149155446097, guid: 4578a3193ec134a45acb98a55f6586e2,
        type: 3}
      propertyPath: m_Layer
      value: 3
      objectReference: {fileID: 0}
    m_RemovedComponents: []
  m_SourcePrefab: {fileID: 100100000, guid: 4578a3193ec134a45acb98a55f6586e2, type: 3}
--- !u!4 &4175111486931496299 stripped
Transform:
  m_CorrespondingSourceObject: {fileID: -8679921383154817045, guid: 4578a3193ec134a45acb98a55f6586e2,
    type: 3}
  m_PrefabInstance: {fileID: 4501981952274401920}
  m_PrefabAsset: {fileID: 0}
